@article{suryadevara2015towards,
  title={Towards a smart non-invasive fluid loss measurement system},
  author={Suryadevara, Nagender K and Mukhopadhyay, Subhas C and Barrack, L},
  journal={Journal of medical systems},
  volume={39},
  number={4},
  pages={38},
  year={2015},
  publisher={Springer}
}

@article{sawka2015hypohydration,
  title={Hypohydration and human performance: impact of environment and physiological mechanisms},
  author={Sawka, Michael N and Cheuvront, Samuel N and Kenefick, Robert W},
  journal={Sports Medicine},
  volume={45},
  number={1},
  pages={51--60},
  year={2015},
  publisher={Springer}
}

@ARTICLE{john2007photopletysmography,
author={Allen, John},
journal={Physiol. Meas. (Physiological Measurement)}, 
title={Photoplethysmography and its application in clinical physiological measurement}, 
year={2007}, 
volume={28}, 
number={3}, 
pages={R1-R38}, 
keywords={}, 
doi={10.1088/0967-3334/28/3/R01}, 
ISSN={}, 
month={},}

@ARTICLE{mohammad2018review,
author={Ghamari, Mohammad},
journal={IJBSBE (International Journal of Biosensors \& Bioelectronics)}, 
title={A review on wearable photoplethysmography sensors and their potential future applications in health care}, 
year={2018}, 
volume={4}, 
number={4}, 
pages={195-202}, 
keywords={}, 
doi={10.15406/ijbsbe.2018.04.00125}, 
ISSN={}, 
month={},}

@ARTICLE{garret2018engineering, 
author={D. C. Garrett and N. Rae and J. R. Fletcher and S. Zarnke and S. Thorson and D. B. Hogan and E. C. Fear}, 
journal={IEEE Reviews in Biomedical Engineering}, 
title={Engineering Approaches to Assessing Hydration Status}, 
year={2018}, 
volume={11}, 
number={}, 
pages={233-248}, 
keywords={bioacoustics;biochemistry;biological tissues;biomedical equipment;bio-optics;blood;cognition;diseases;kidney;patient monitoring;reviews;hydration status;medical conditions;review;clinical indicators;blood;urine;portable hydration monitoring devices;acoustical properties;chemical properties;optical properties;electromagnetic properties;biological tissue;bodily fluids;hydration assessment;fluid homeostasis;environmental exposure;physical activity;older adults;manual workers;military personnel;kidney stones;urolithiasis;chronic mild dehydration;health effects;exhaustion;heat stroke;cognitive impairment;physical impairment;acute dehydration;total body water;rapid hydration monitoring devices;simple hydration monitoring devices;routine laboratory analyses;Fluids;Heating systems;Sociology;Statistics;Personnel;Training;Blood;Assessment;dehydration;hydration;monitoring;water content}, 
doi={10.1109/RBME.2017.2776041}, 
ISSN={1937-3333}, 
month={},}

@INPROCEEDINGS{visser2015development, 
author={C. Visser and C. Scheffer and K. Dellimore and E. Kieser and J. Smith}, 
booktitle={2015 37th Annual International Conference of the IEEE Engineering in Medicine and Biology Society (EMBC)}, 
title={Development of a diagnostic dehydration screening sensor based on infrared spectrometry}, 
year={2015}, 
volume={}, 
number={}, 
pages={1271-1274}, 
keywords={biomedical optical imaging;infrared spectroscopy;diagnostic dehydration screening sensor;infrared spectrometry;Loss measurement;Skin;Weight measurement;Pediatrics;Light emitting diodes;Absorption;Wavelength measurement;Dehydration;Humans;Spectrophotometry, Infrared}, 
doi={10.1109/EMBC.2015.7318599}, 
ISSN={1094-687X}, 
month={8},}

@INPROCEEDINGS{raman2004american, 
author={Raman, Aarthi and Schoeller, Dale A. and Subar, Amy F. and Troiano, Richard P. and Schatzkin, Arthur and Harris, Tamara and Bauer, Douglas and Bingham, Shiela A. and Everhart, James E. and Newman, Anne B. and Tylavsky, Frances A.}, 
booktitle={American journal of physiology}, 
title={Water turnover in 458 American adults 40-79 yr of age}, 
year={2004}, 
volume={286}, 
number={2}, 
pages={F394-401}, 
keywords={4-Aminobenzoic Acid/pharmacokinetics; Adult; Aged; Drinking/physiology; Female; Humans; Kidney/physiology; Male; Middle Aged; Regression Analysis; United States; urine; Water/metabolism; Water-Electrolyte Balance/physiology}, 
doi={10.1152/ajprenal.00295.2003},  
month={8},}

@article{armstrong2013novel,
  title={Novel hydration assessment techniques employing thirst and a water intake challenge in healthy men},
  author={Armstrong, Lawrence E and Ganio, Matthew S and Klau, Jennifer F and Johnson, Evan C and Casa, Douglas J and Maresh, Carl M},
  journal={Applied Physiology, Nutrition, and Metabolism},
  volume={39},
  number={2},
  pages={138--144},
  year={2013},
  publisher={NRC Research Press}
}

@article{fortes2015elderly,
  title={Is this elderly patient dehydrated? Diagnostic accuracy of hydration assessment using physical signs, urine, and saliva markers},
  author={Fortes, Matthew B and Owen, Julian A and Raymond-Barker, Philippa and Bishop, Claire and Elghenzai, Salah and Oliver, Samuel J and Walsh, Neil P},
  journal={Journal of the American Medical Directors Association},
  volume={16},
  number={3},
  pages={221--228},
  year={2015},
  publisher={Elsevier}
}

@article{davis1997effect,
  title={Effect of fluid ingestion on orthostatic responses following acute exercise},
  author={Davis, JE and Fortney, SM},
  journal={International journal of sports medicine},
  volume={18},
  number={03},
  pages={174--178},
  year={1997},
  publisher={{\copyright} Georg Thieme Verlag Stuttgart{\textperiodcentered} New York}
}

@article{kavouras2002assessing,
  title={Assessing hydration status},
  author={Kavouras, Stavros A},
  journal={Current Opinion in Clinical Nutrition \& Metabolic Care},
  volume={5},
  number={5},
  pages={519--524},
  year={2002},
  publisher={LWW}
}

@article{oppliger2002hydration,
  title={Hydration testing of athletes},
  author={Oppliger, Robert A and Bartok, Cynthia},
  journal={Sports Medicine},
  volume={32},
  number={15},
  pages={959--971},
  year={2002},
  publisher={Springer}
}

@article{armstrong1994urinary,
  title={Urinary indices of hydration status},
  author={Armstrong, Lawrence E and Maresh, Carl M and Castellani, John W and Bergeron, Michael F and Kenefick, Robert W and LaGasse, Kent E and Riebe, Deborah},
  journal={International journal of sport nutrition},
  volume={4},
  number={3},
  pages={265--279},
  year={1994}
}

@article{shirreffs1998urine,
  title={Urine osmolality and conductivity as indices of hydration status in athletes in the heat.},
  author={Shirreffs, Susan M and Maughan, Ronald J},
  journal={Medicine and Science in Sports and Exercise},
  volume={30},
  number={11},
  pages={1598--1602},
  year={1998}
}