@article{adithya2017trends,
  title={Trends in fetal monitoring through phonocardiography: Challenges and future directions},
  author={Adithya, Prashanth Chetlur and Sankar, Ravi and Moreno, Wilfrido Alejandro and Hart, Stuart},
  journal={Biomedical Signal Processing and Control},
  volume={33},
  pages={289--305},
  year={2017},
  publisher={Elsevier}
}

@article{afonso1999ecg,
  title={ECG beat detection using filter banks},
  author={Afonso, Valtino X and Tompkins, Willis J and Nguyen, Truong Q and Luo, Shen},
  journal={IEEE transactions on biomedical engineering},
  volume={46},
  number={2},
  pages={192--202},
  year={1999},
  publisher={IEEE}
}

@article{alfirevic2006continuous,
  title={Continuous cardiotocography (CTG) as a form of electronic fetal monitoring (EFM) for fetal assessment during labour},
  author={Alfirevic, Zarko and Devane, Declan and Gyte, GM and others},
  journal={Cochrane Database Syst Rev},
  volume={3},
  number={3},
  pages={81},
  year={2006}
}

@article{andreotti2014robust,
  title={Robust fetal ECG extraction and detection from abdominal leads},
  author={Andreotti, Fernando and Riedl, Maik and Himmelsbach, Tilo and Wedekind, Daniel and Wessel, Niels and Stepan, Holger and Schmieder, Claudia and Jank, Alexander and Malberg, Hagen and Zaunseder, Sebastian},
  journal={Physiological Measurement},
  volume={35},
  number={8},
  pages={1551},
  year={2014},
  publisher={IOP Publishing}
}

@inproceedings{akhbari2013fetal,
  title={Fetal electrocardiogram R-peak detection using robust tensor decomposition and extended Kalman filtering},
  author={Akhbari, Mahsa and Niknazar, Mohammad and Jutten, Christian and Shamsollahi, Mohammad B and Rivet, Bertrand},
  booktitle={Computing in Cardiology Conference (CinC), 2013},
  pages={189--192},
  year={2013},
  organization={IEEE}
}

@article{behar2014combining,
  title={Combining and benchmarking methods of foetal ECG extraction without maternal or scalp electrode data},
  author={Behar, Joachim and Oster, Julien and Clifford, Gari D},
  journal={Physiological Measurement},
  volume={35},
  number={8},
  pages={1569},
  year={2014},
  publisher={IOP Publishing}
}

@article{bergveld1981new,
  title={A new technique for the suppression of the MECG},
  author={Bergveld, Piet and Meijer, Wietze JH},
  journal={IEEE Transactions on Biomedical Engineering},
  number={4},
  pages={348--354},
  year={1981},
  publisher={IEEE}
}

@article{cerutti1986variability,
  title={Variability analysis of fetal heart rate signals as obtained from abdominal electrocardiographic recordings},
  author={Cerutti, Sergio and Baselli, Giuseppe and Civardi, Silvia and Ferrazzi, Enrico and Marconi, Anna Maria and Pagani, Massimo and Pardi, Giorgio},
  journal={Journal of Perinatal Medicine-Official},
  volume={14},
  number={6},
  pages={445--452},
  year={1986},
  publisher={Walter de Gruyter, Berlin/New York}
}

@article{de2000fetal,
  title={Fetal electrocardiogram extraction by blind source subspace separation},
  author={De Lathauwer, Lieven and De Moor, Bart and Vandewalle, Joos},
  journal={IEEE Transactions on Biomedical Engineering},
  volume={47},
  number={5},
  pages={567--572},
  year={2000},
  publisher={IEEE}
}

@article{daubechies1988orthonormal,
  title={Orthonormal bases of compactly supported wavelets},
  author={Daubechies, Ingrid},
  journal={Communications on pure and applied mathematics},
  volume={41},
  number={7},
  pages={909--996},
  year={1988},
  publisher={Wiley Online Library}
}

@article{ferrara1982fetal,
  title={Fetal electrocardiogram enhancement by time-sequenced adaptive filtering},
  author={Ferrara, Earl R and Widraw, Bernard},
  journal={IEEE Transactions on Biomedical Engineering},
  number={6},
  pages={458--460},
  year={1982},
  publisher={IEEE}
}

@inproceedings{godinez2003line,
  title={On-line fetal heart rate monitor by phonocardiography},
  author={Godinez, M and Jimenez, A and Ortiz, R and Pena, M},
  booktitle={Engineering in Medicine and Biology Society, 2003. Proceedings of the 25th Annual International Conference of the IEEE},
  volume={4},
  pages={3141--3144},
  year={2003},
  organization={IEEE}
}

@article{hasan2009detection,
  title={Detection and processing techniques of FECG signal for fetal monitoring},
  author={Hasan, Muhammad Asfarul and Reaz, MBI and Ibrahimy, MI and Hussain, MS and Uddin, J},
  journal={Biological Procedures Online},
  volume={11},
  number={1},
  pages={263},
  year={2009},
  publisher={BioMed Central}
}

@article{hu1993applications,
  title={Applications of artificial neural networks for ECG signal detection and classification.},
  author={Hu, Yu Hen and Tompkins, Willis J and Urrusti, Jose L and Afonso, Valtino X},
  journal={Journal of electrocardiology},
  volume={26},
  pages={66--73},
  year={1993}
}

@article{jimenez2001performance,
  title={Performance of a method to generate fetal cardiotachograms using fetal phonocardiography},
  author={Jim{\'e}nez, A and Ortiz, MR and Pe{\~n}a, MA and Charleston, S and Gonz{\'a}lez, R and Aljama, AT and Carrasco, S},
  journal={Computers in Cardiology},
  pages={453--456},
  year={2001}
}

@article{kanjilal1997fetal,
  title={Fetal ECG extraction from single-channel maternal ECG using singular value decomposition},
  author={Kanjilal, Partha Pratim and Palit, Sarbani and Saha, Goutam},
  journal={IEEE Transactions on Biomedical Engineering},
  volume={44},
  number={1},
  pages={51--59},
  year={1997},
  publisher={IEEE}
}

@article{kohler2003qrs,
  title={QRS detection using zero crossing counts},
  author={Kohler, BU and Hennig, Carsten and Orglmeister, Reinhold},
  journal={Applied genomics and proteomics},
  volume={2},
  number={2},
  pages={138--145},
  year={2003},
  publisher={OPEN MINDS JOURNAL LTD}
}

@article{kovacs2000rule,
  title={A rule-based phonocardiographic method for long-term fetal heart rate monitoring},
  author={Kov{\'a}cs, Ferenc and Torok, M and Habermajer, Istv{\'a}n},
  journal={IEEE Transactions on biomedical engineering},
  volume={47},
  number={1},
  pages={124--130},
  year={2000},
  publisher={IEEE}
}

@article{kovacs2011fetal,
  title={Fetal phonocardiographyâ€”past and future possibilities},
  author={Kov{\'a}cs, Ferenc and Horv{\'a}th, Csaba and Balogh, {\'A}d{\'a}m and Hossz{\'u}, G{\'a}bor},
  journal={Computer Methods and Programs in Biomedicine},
  volume={104},
  number={1},
  pages={19--25},
  year={2011},
  publisher={Elsevier}
}

@article{kovacs2011extended,
  title={Extended noninvasive fetal monitoring by detailed analysis of data measured with phonocardiography},
  author={Kov{\'a}cs, Ferenc and Horv{\'a}th, Csaba and Balogh, {\'A}d{\'a}m and Hossz{\'u}, G{\'a}bor},
  journal={IEEE Transactions on Biomedical Engineering},
  volume={58},
  number={1},
  pages={64--70},
  year={2011},
  publisher={IEEE}
}

@inproceedings{kovacs1998improved,
  title={An improved phonocardiographic method for fetal heart rate monitoring},
  author={Kov{\'a}cs, F and Torok, M},
  booktitle={Engineering in Medicine and Biology Society, 1998. Proceedings of the 20th Annual International Conference of the IEEE},
  volume={4},
  pages={1719--1722},
  year={1998},
  organization={IEEE}
}

@article{kadambe1999wavelet,
  title={Wavelet transform-based QRS complex detector},
  author={Kadambe, Shubha and Murray, Robin and Boudreaux-Bartels, G Faye},
  journal={IEEE Transactions on biomedical Engineering},
  volume={46},
  number={7},
  pages={838--848},
  year={1999},
  publisher={IEEE}
}

@article{li1995detection,
  title={Detection of ECG characteristic points using wavelet transforms},
  author={Li, Cuiwei and Zheng, Chongxun and Tai, Changfeng},
  journal={IEEE Transactions on biomedical Engineering},
  volume={42},
  number={1},
  pages={21--28},
  year={1995},
  publisher={IEEE}
}

@article{lipponen2014principal,
  title={Principal component model for maternal ECG extraction in fetal QRS detection},
  author={Lipponen, Jukka A and Tarvainen, Mika P},
  journal={Physiological Measurement},
  volume={35},
  number={8},
  pages={1637},
  year={2014},
  publisher={IOP Publishing}
}

@inproceedings{martinez2000evaluation,
  title={Evaluation of a wavelet-based ECG waveform detector on the QT database},
  author={Martinez, JP and Olmos, S and Laguna, P},
  booktitle={Computers in Cardiology 2000},
  pages={81--84},
  year={2000},
  organization={IEEE}
}

@article{poli1995genetic,
  title={Genetic design of optimum linear and nonlinear QRS detectors},
  author={Poli, Riccardo and Cagnoni, Stefano and Valli, Guido},
  journal={IEEE Transactions on Biomedical Engineering},
  volume={42},
  number={11},
  pages={1137--1141},
  year={1995},
  publisher={IEEE}
}

@article{rooijakkers2012low,
  title={Low-complexity R-peak detection for ambulatory fetal monitoring},
  author={Rooijakkers, Michael J and Rabotti, Chiara and Oei, S Guid and Mischi, Massimo},
  journal={Physiological Measurement},
  volume={33},
  number={7},
  pages={1135},
  year={2012},
  publisher={IOP Publishing}
}

@inproceedings{romero2009low,
  title={Low-power robust beat detection in ambulatory cardiac monitoring},
  author={Romero, Inaki and Grundlehner, Bernard and Penders, Julien and Huisken, Jos and Yassin, Yahya H},
  booktitle={Biomedical Circuits and Systems Conference, 2009. BioCAS 2009. IEEE},
  pages={249--252},
  year={2009},
  organization={IEEE}
}

@article{legarreta2005continuous,
  title={Continuous wavelet transform modulus maxima analysis of the electrocardiogram: beat characterisation and beat-to-beat measurement},
  author={Legarreta, I Romero and Addison, Paul S and Reed, MJ and Grubb, N and Clegg, Gareth R and Robertson, Colin E and Watson, James N},
  journal={International Journal of Wavelets, Multiresolution and Information Processing},
  volume={3},
  number={01},
  pages={19--42},
  year={2005},
  publisher={World Scientific}
}

@phdthesis{sameni2008extraction,
  title={Extraction of fetal cardiac signals from an array of maternal abdominal recordings},
  author={Sameni, Reza},
  year={2008},
  school={Institut National Polytechnique de Grenoble-INPG; Sharif University of Technology (SUT)}
}

@article{strobach1994event,
  title={Event-synchronous cancellation of the heart interference in biomedical signals},
  author={Strobach, Peter and Abraham-Fuchs, Klaus and Harer, Wolfgang},
  journal={IEEE Transactions on Biomedical Engineering},
  volume={41},
  number={4},
  pages={343--350},
  year={1994},
  publisher={IEEE}
}

@article{suppappola1994nonlinear,
  title={Nonlinear transforms of ECG signals for digital QRS detection: a quantitative analysis},
  author={Suppappola, SETH and Sun, Ying},
  journal={IEEE Transactions on Biomedical Engineering},
  volume={41},
  number={4},
  pages={397--400},
  year={1994},
  publisher={IEEE}
}

@article{talbert1986wide,
  title={Wide bandwidlt fetal phonography using a sensor matched to the compliance of the mother's abdominal wall},
  author={Talbert, DG and Davies, W Lyn and Johnson, Frank and Abraham, Nichloas and Colley, Nigel and Southall, David P},
  journal={IEEE transactions on biomedical engineering},
  number={2},
  pages={175--181},
  year={1986},
  publisher={IEEE}
}

@inproceedings{tan2000real,
  title={Real time analysis of fetal phonocardiography},
  author={Tan, Boon Hock and Moghavvemi, M},
  booktitle={TENCON 2000. Proceedings},
  volume={2},
  pages={135--140},
  year={2000},
  organization={IEEE}
}

@article{taylor2003non,
  title={Non-invasive fetal electrocardiography in singleton and multiple pregnancies},
  author={Taylor, Myles JO and Smith, Mark J and Thomas, Matthew and Green, Andrew R and Cheng, Floria and Oseku-Afful, Salome and Wee, Ling Y and Fisk, Nicholas M and Gardiner, Helena M},
  journal={BJOG: An International Journal of Obstetrics \& Gynaecology},
  volume={110},
  number={7},
  pages={668--678},
  year={2003},
  publisher={Wiley Online Library}
}

@article{trahanias1993approach,
  title={An approach to QRS complex detection using mathematical morphology},
  author={Trahanias, PE},
  journal={IEEE Transactions on Biomedical Engineering},
  volume={40},
  number={2},
  pages={201--205},
  year={1993},
  publisher={IEEE}
}

@article{ungureanu2007fetal,
  title={Fetal ECG extraction during labor using an adaptive maternal beat subtraction technique},
  author={Ungureanu, Mihaela and Bergmans, Johannes WM and Oei, Swan Guid and Strungaru, Rodica},
  journal={Biomedizinische Technik},
  volume={52},
  number={1},
  pages={56--60},
  year={2007},
  publisher={Walter de Gruyter}
}

@article{varanini2014efficient,
  title={An efficient unsupervised fetal QRS complex detection from abdominal maternal ECG},
  author={Varanini, M and Tartarisco, G and Billeci, L and Macerata, A and Pioggia, G and Balocchi, R},
  journal={Physiological Measurement},
  volume={35},
  number={8},
  pages={1607},
  year={2014},
  publisher={IOP Publishing}
}

@article{vijaya1998ann,
  title={ANN-based QRS-complex analysis of ECG},
  author={Vijaya, G and Kumar, Vinod and Verma, HK},
  journal={Journal of medical engineering \& technology},
  volume={22},
  number={4},
  pages={160--167},
  year={1998},
  publisher={Taylor \& Francis}
}

@article{vullings2009dynamic,
  title={Dynamic segmentation and linear prediction for maternal ECG removal in antenatal abdominal recordings},
  author={Vullings, R and Peters, CHL and Sluijter, RJ and Mischi, M and Oei, SG and Bergmans, JWM},
  journal={Physiological Measurement},
  volume={30},
  number={3},
  pages={291},
  year={2009},
  publisher={IOP Publishing}
}

@article{warmerdam2018hierarchical,
  title={Hierarchical probabilistic framework for fetal R-peak detection, using ECG waveform and heart rate information},
  author={Warmerdam, Guy JJ and Vullings, Rik and Schmitt, Lars and Van Laar, Judith OEH and Bergmans, Jan WM},
  journal={IEEE Transactions on Signal Processing},
  volume={66},
  number={16},
  pages={4388--4397},
  year={2018},
  publisher={IEEE}
}

@article{widrow1975adaptive,
  title={Adaptive noise cancelling: Principles and applications},
  author={Widrow, Bernard and Glover, John R and McCool, John M and Kaunitz, John and Williams, Charles S and Hearn, Robert H and Zeidler, James R and Dong, JR Eugene and Goodlin, Robert C},
  journal={Proceedings of the IEEE},
  volume={63},
  number={12},
  pages={1692--1716},
  year={1975},
  publisher={IEEE}
}

@article{xue1992neural,
  title={Neural-network-based adaptive matched filtering for QRS detection},
  author={Xue, Qiuzhen and Hu, Yu Hen and Tompkins, Willis J},
  journal={IEEE Transactions on Biomedical Engineering},
  volume={39},
  number={4},
  pages={317--329},
  year={1992},
  publisher={IEEE}
}
